@ARTICLE{treevis, 
	author={H. J. Schulz}, 
	journal={IEEE Computer Graphics and Applications}, 
	title={Treevis.net: A Tree Visualization Reference}, 
	year={2011}, 
	volume={31}, 
	number={6}, 
	pages={11-15}, 
	keywords={data visualisation;edge detection;Treevis.net;edge representation;handcurated bibliographical reference;information visualization;node alignment;tree visualization reference;Image edge 	detection;Image representation;Information analysis;Tree data structures;Visualization;computer graphics;dimensionality;edge representation;graphics and multimedia;information visualization;tree visualization;treevis.net;1}, 
	doi={10.1109/MCG.2011.103}, 
	ISSN={0272-1716}, 
	month={Nov},}

@misc{ACM,
	author = {{Association} for Computing Machinery Digital Library},
	howpublished = {\url{https://dl.acm.org}},
	note = {Accessed: 21-05-2018},
}

@ARTICLE{Baron1969,
  author = {Margaret E. Baron},
  title = {A Note on the Historical Development of Logic Diagrams: {L}eibniz, {E}uler and {V}enn},
  journal = {The Mathematical Gazette},
  year = {1969},
  volume = {53},
  pages = {113--125},
  number = {384},
  doi = {10.2307/3614533}
}

@misc{newick,
	author = {Joe Felsenstein},
	howpublished = {\url{http://evolution.genetics.washington.edu/phylip/newicktree.html}},
	note = {Accessed: 13-05-2018}
}

@ARTICLE{Walker1990,
  	author = {Walker,II, John Q.},
  	title = {A node-positioning algorithm for general trees},
  	journal = {Software -- Practice and Experience},
  	year = {1990},
  	volume = {20},
  	pages = {685--705},
  	number = {7},
  	doi = {10.1002/spe.4380200705}
}

@MISC{Sukla2005,
  	author = {Ambika Sukla and Mohit Sauhta},
  	title = {Nested Pie Chart},
  	url = {http://nestedpiechart.sourceforge.net/},
  	year = {2005},
  	note = {retrieved 26-07-2011},
}

@misc{bokeh,
	title = {Bokeh Library},
	howpublished = {\url{https://bokeh.pydata.org/en/latest/}},
	note = {Accessed: 23-05-2018},
}

@INPROCEEDINGS{LiWei2013,
  author = {Gong Li-wei and Chen Yi and Zhang Xin-yue and Sun Yue-hong},
  title = {A hierarchical data visualization algorithm: Self-adapting Sunburst algorithm},
  pages = {185--190},
  doi = {10.1109/ICVRV.2013.36},
  year = {2013},
  booktitle = {ICVRV'13: Proceedings of the International Conference on Virtual Reality and Visualization},
  editor = {Xiaopeng Zhang and Zhong Zhou and Qing Wang and Xun Luo},
  publisher = {IEEE Computer Society},
  isbn = {9780769551500}
}

@INPROCEEDINGS{Stasko2000,
  author = {John Stasko and Eugene Zhang},
  title = {Focus+Context Display and Navigation Techniques for Enhancing Radial, Space-Filling Hierarchy Visualizations},
  pages = {57--65},
  doi = {10.1109/INFVIS.2000.885091},
  year = {2000},
  booktitle = {InfoVis'00: Proceedings of the IEEE Symposium on Information Visualization},
  editor = {Jock D. Mackinlay and Steven F. Roth and Daniel A. Keim},
  publisher = {IEEE Computer Society},
  isbn = {0769508049}
}

@MISC{Matela2011,
  author = {Mateusz Matela and Dawid Weiss},
  title = {{FoamTree}: Physics-inspired tree map},
  url = {http://carrotsearch.com/foamtree},
  year = {2011},
  note = {retrieved 18-06-2011}
}

@BOOK{Bertin1967,
  title = {Semiologie graphique. Les diagrammes, les reseaux, les cartes},
  publisher = {Editions Gauthier-Villars},
  year = {1967},
  author = {Jacques Bertin},
}

@INPROCEEDINGS{Tekusova2008,
  author = {Tatiana Tekusova and Tobias Schreck},
  title = {Visualizing Time-Dependent Data in Multivariate Hierarchic Plots -- Design and Evaluation of an Economic Application},
  pages = {143-150},
  doi = {10.1109/IV.2008.51},
  year = {2008},
  booktitle = {IV'08: Proceedings of the International Conference on Information Visualisation},
  editor = {Ebad Banissi and Liz Stuart and Mikael Jern and Gennady Andrienko and Francis T. Marchese and Nasrullah Memon and Reda Alhajj and Theodor G. Wyeld and Remo Aslak Burkhard and Georges Grinstein and Dennis Groth and Anna Ursyn and Carsten Maple and Anthony Faiola and Brock Craft},
  publisher = {IEEE Computer Society},
  isbn = {9780769532684}
}


@INPROCEEDINGS{Balzer2005,
  author = {Michael Balzer and Oliver Deussen},
  title = {Voronoi Treemaps},
  pages = {49--56},
  abstract = {Treemaps are a well known method for the visualization of attributed hierarchical data. Previously proposed treemap layout algorithms are limited to rectangular shapes, which cause problems with the aspect ratio of the rectangles as well as with identifying the visualized hierarchical structure. The approach of Voronoi treemaps presented in this paper eliminates these problems through enabling subdivisions of and in polygons. Additionally, this allows for creating treemap visualizations within areas of arbitrary shape, such as triangles and circles, thereby enabling a more flexible adaptation of treemaps for a wider range of applications.},
  doi = {10.1109/INFVIS.2005.1532128},
  year = {2005},
  booktitle = {InfoVis'05: Proceedings of the IEEE Symposium on Information Visualization},
  editor = {John Stasko and Matthew O. Ward},
  publisher = {IEEE Computer Society},
  isbn = {078039464X}
}

@misc{qlik,
    title = {Qlik},
howpublished = {\url{https://help.qlik.com/en-US/sense/September2017/Subsystems/Hub/Content/Visualizations/TreeMap/when-to-use-treemap.htm}},
	note = {Accessed: 24-05-2018},
}

@conference{ivapp14,
author={Fabian Beck and Michael Burch and Tanja Munz and Lorenzo Di Silvestro and Daniel Weiskopf},
title={Generalized Pythagoras Trees for Visualizing Hierarchies},
booktitle={Proceedings of the 5th International Conference on Information Visualization Theory and Applications - Volume 1: IVAPP, (VISIGRAPP 2014)},
year={2014},
pages={17-28},
publisher={SciTePress},
organization={INSTICC},
doi={10.5220/0004654500170028},
isbn={978-989-758-005-5},
}